
@inproceedings{measurement_study_p2p,
    title={Measurement study of peer-to-peer file sharing systems},
    author={Saroiu, Stefan and Gummadi, P Krishna and Gribble, Steven D},
    booktitle={Multimedia computing and networking 2002},
    volume={4673},
    pages={156--171},
    year={2001},
    organization={International Society for Optics and Photonics}
}

@inproceedings{kademlia,
    title={Kademlia: A peer-to-peer information system based on the xor
          metric},
    author={Maymounkov, Petar and Mazieres, David},
    booktitle={International Workshop on Peer-to-Peer Systems},
    pages={53--65},
    year={2002},
    organization={Springer}
}

@article{chord,
    title={Chord: a scalable peer-to-peer lookup protocol for internet
          applications},
    author={Stoica, Ion and Morris, Robert and Liben-Nowell, David and Karger,
        David R and Kaashoek, M Frans and Dabek, Frank and Balakrishnan, Hari},
    journal={IEEE/ACM Transactions on Networking (TON)},
    volume={11},
    number={1},
    pages={17--32},
    year={2003},
    publisher={IEEE Press}
}

@inproceedings{pastry,
    title={Pastry: Scalable, decentralized object location, and routing for
          large-scale peer-to-peer systems},
    author={Rowstron, Antony and Druschel, Peter},
    booktitle={IFIP/ACM International Conference on Distributed Systems
             Platforms and Open Distributed Processing},
    pages={329--350},
    year={2001},
    organization={Springer}
}

@article{tapestry,
    title={Tapestry: A resilient global-scale overlay for service
          deployment},
    author={Zhao, Ben Y and Huang, Ling and Stribling, Jeremy and Rhea,
            Sean C and Joseph, Anthony D and Kubiatowicz, John D},
    journal={IEEE Journal on selected areas in communications},
    volume={22},
    number={1},
    pages={41--53},
    year={2004},
    publisher={IEEE}
}

@online{bittorrent-wiki,
    title = {BitTorrent},
    url = {https://en.wikipedia.org/wiki/BitTorrent},
    urldate = {2019-03-21}
}

@online{kademlia-spec,
    title = {Kademlia Specification Guide},
    url =
    {http://xlattice.sourceforge.net/components/protocol/kademlia/specs.html},
    urldate = {2019-04-02}
}

@online{rpcudp,
    title = {RPC over UDP Python module},
    author = {Brian Muller},
    url = {https://github.com/bmuller/rpcudp},
    urldate = {2019-04-02}
}

@online{asyncio,
    title = {Python asyncio module documentation},
    url = {https://docs.python.org/3/library/asyncio.html},
    urldate = {2019-04-02}
}


@online{implementation_01,
    title = {Kademlia Implementation},
    author = {Brian Muller},
    url = {https://github.com/bmuller/kademlia},
    urldate = {2019-04-02}
}

@online{implementation_02,
    title = {Kademlia Implementation},
    author = {Isaac Zafuta},
    url = {https://github.com/isaaczafuta/pydht},
    urldate = {2019-04-02}
}

@online{implementation_03,
    title = {Kademlia Implementation},
    author = {flosch},
    url = {https://github.com/flosch/libdht},
    urldate = {2019-04-02}
}

@online{implementation_04,
    title = {Kademlia Implementation},
    author = {cjgu},
    url = {https://github.com/cjgu/asyncio-kademlia},
    urldate = {2019-04-02}
}
